<record><leader>00000cas a2200000 i 4500</leader><controlfield tag="001">988948439</controlfield><controlfield tag="008">170605c20179999nyuwr ne      |   a0eng  </controlfield><datafield ind1=" " ind2=" " tag="010"><subfield code="a">  2017202153</subfield></datafield><datafield ind1=" " ind2=" " tag="040"><subfield code="a">YQR</subfield><subfield code="b">eng</subfield><subfield code="e">rda</subfield><subfield code="c">YQR</subfield><subfield code="d">YQR</subfield><subfield code="d">DLC</subfield><subfield code="d">OCLCF</subfield></datafield><datafield ind1=" " ind2=" " tag="012"><subfield code="m">1</subfield></datafield><datafield ind1="0" ind2=" " tag="022"><subfield code="a">2573-5861</subfield><subfield code="2">1</subfield></datafield><datafield ind1=" " ind2=" " tag="032"><subfield code="a">576540</subfield><subfield code="b">USPS</subfield></datafield><datafield ind1=" " ind2=" " tag="037"><subfield code="b">Messenger Post Media, 73 Buffalo Street, Canadaigua, NY, 14424</subfield></datafield><datafield ind1=" " ind2=" " tag="042"><subfield code="a">pcc</subfield><subfield code="a">nsdp</subfield></datafield><datafield ind1="1" ind2="0" tag="050"><subfield code="a">ISSN RECORD</subfield></datafield><datafield ind1="1" ind2="0" tag="082"><subfield code="a">070</subfield><subfield code="2">23</subfield></datafield><datafield ind1=" " ind2="4" tag="222"><subfield code="a">The Post serving Chili, Gates, Greece</subfield></datafield><datafield ind1="0" ind2="4" tag="245"><subfield code="a">The Post serving Chili, Gates, Greece.</subfield></datafield><datafield ind1="1" ind2=" " tag="246"><subfield code="a">Post</subfield></datafield><datafield ind1=" " ind2="1" tag="264"><subfield code="a">Canandaigua, N.Y. :</subfield><subfield code="b">Messenger Post Media</subfield></datafield><datafield ind1=" " ind2=" " tag="300"><subfield code="a">volumes :</subfield><subfield code="b">illustrations ;</subfield><subfield code="c">55 cm</subfield></datafield><datafield ind1=" " ind2=" " tag="310"><subfield code="a">Weekly</subfield></datafield><datafield ind1=" " ind2=" " tag="336"><subfield code="a">text</subfield><subfield code="b">txt</subfield><subfield code="2">rdacontent</subfield></datafield><datafield ind1=" " ind2=" " tag="337"><subfield code="a">unmediated</subfield><subfield code="b">n</subfield><subfield code="2">rdamedia</subfield></datafield><datafield ind1=" " ind2=" " tag="338"><subfield code="a">volume</subfield><subfield code="b">nc</subfield><subfield code="2">rdacarrier</subfield></datafield><datafield ind1="1" ind2=" " tag="362"><subfield code="a">Began with: June 1, 2017.</subfield></datafield><datafield ind1=" " ind2=" " tag="588"><subfield code="a">Description based on: June 8, 2017; title from caption (surrogate).</subfield></datafield><datafield ind1=" " ind2=" " tag="588"><subfield code="a">Latest issue consulted: June 8, 2017 (surrogate).</subfield></datafield><datafield ind1=" " ind2="0" tag="651"><subfield code="a">Chili (N.Y. : Town)</subfield><subfield code="v">Newspapers.</subfield></datafield><datafield ind1=" " ind2="0" tag="651"><subfield code="a">Gates (N.Y.)</subfield><subfield code="v">Newspapers.</subfield></datafield><datafield ind1=" " ind2="0" tag="651"><subfield code="a">Greece (N.Y.)</subfield><subfield code="v">Newspapers.</subfield></datafield><datafield ind1=" " ind2="7" tag="651"><subfield code="a">New York (State)</subfield><subfield code="z">Chili (Town)</subfield><subfield code="2">fast</subfield><subfield code="0">(OCoLC)fst01332430</subfield></datafield><datafield ind1=" " ind2="7" tag="651"><subfield code="a">New York (State)</subfield><subfield code="z">Gates.</subfield><subfield code="2">fast</subfield><subfield code="0">(OCoLC)fst01229284</subfield></datafield><datafield ind1=" " ind2="7" tag="651"><subfield code="a">New York (State)</subfield><subfield code="z">Greece.</subfield><subfield code="2">fast</subfield><subfield code="0">(OCoLC)fst01221656</subfield></datafield><datafield ind1=" " ind2="7" tag="655"><subfield code="a">Newspapers.</subfield><subfield code="2">fast</subfield><subfield code="0">(OCoLC)fst01423814</subfield></datafield><datafield ind1="0" ind2="0" tag="780"><subfield code="t">Greece post</subfield><subfield code="w">(DLC)sn 88074413</subfield><subfield code="w">(OCoLC)8065518</subfield></datafield></record>